@article{CalabresePetrosino2023_tv-PIE,
url = {https://doi.org/10.16995/glossa.8932},
title = {Root-adjacent exponence in the Sanskrit, Ancient Greek, and Latin verbal systems},
author = {Calabrese, Andrea and Petrosino, Roberto},
journal = {Glossa: a journal of general linguistics},
volume = {8},
number = {1},
doi = {doi:10.16995/glossa.89326},
year = {2023}
}

