@inbook{PetrosinoCalabrese2022,
url = {https://doi.org/10.1515/9783110550283-006},
title = {5 Palatalization in Romance},
booktitle = {Manual of Romance Phonetics and Phonology},
author = {Roberto Petrosino and Andrea Calabrese},
editor = {Christoph Gabriel and Randall Gess and Trudel Meisenburg},
publisher = {De Gruyter},
address = {Berlin, Boston},
pages = {173--214},
doi = {doi:10.1515/9783110550283-006},
isbn = {9783110550283},
year = {2022}
}
