@article{PetrosinoEtAl2023_affix-priming,
  title={Asymmetries  in  the  stem  and  suf-fix  masked  priming  response  in a  large-scale  online  study},
  author={Petrosino, Roberto and Sprouse, Jon and Almeida, Diogo},
  journal={Quaderni di Linguistica e Studi Orientali},
  number={49,
  pages={177--194},
  year={2023},
  doi= {10.13128/QUL-SO-2421-7220-15154}
}

