@incollection{Petrosino2018_italian-determiners,
  title={Allomorphy at Italian determiners at the morphology-phonology interface},
  author={Petrosino, Roberto},
  booktitle={From sounds to structures: Beyond the Veil of Maya},
  editors={Petrosino, Roberto and Cerrone, Pietro C. and van der Hulst, Harry}
  pages={295--326},
  year={2018},
  address={Berlin/New York},
  publisher={Mouton de Gruyter}
 }

