@inproceedings{lp-fragmented,
  title={The left periphery fragmented: Evidence from Italian},
  author={Petrosino, Roberto},
  booktitle={Proceedings of NELS 48},
  editors={Hucklebridge, Sherry and Nelson, Max},
  pages={221--231},
  year={2018},
  address={University of Iceland, Rejkjavjk},
  publisher={CreateSpace Independent Publishing Platform}
 }

