@phdthesis{Petrosino2020_dissertation,
  title={More than Islands of Regularity: An Investigation of the Sensitivity of Morphological Decomposition to Higher-level Linguistic Properties},
  author={Petrosino, Roberto},
  year={2020},
  school={University of Connecticut}
}
