@inproceedings{ChristopoulosPetrosino2018_spans,
  title={Greek Root Allomorphy without Spans},
  author={Christopoulos, Christos & Petrosino, Roberto},
  booktitle={Proceedings of WCCFL 35},
  editors={Bennett, W. G. and Hracs, Lindsay and Storoshenko, Dennis R.},
  pages={151--160},
  year={2018},
  address={University of Calgary, Alberta},
  publisher={Cascadilla Proceedings Project}
 }

